<record><leader>00000cas a22000007a 4500</leader><controlfield tag="001">20818508</controlfield><controlfield tag="008">891226d19221927nduwr ne      0    0eng d</controlfield><datafield ind1=" " ind2=" " tag="010"><subfield code="a">sn 89074456 </subfield></datafield><datafield ind1=" " ind2=" " tag="040"><subfield code="a">NOP</subfield><subfield code="b">eng</subfield><subfield code="c">NOP</subfield><subfield code="d">OCLCQ</subfield></datafield><datafield ind1=" " ind2=" " tag="042"><subfield code="a">msc</subfield></datafield><datafield ind1="0" ind2="4" tag="245"><subfield code="a">The Davenport record.</subfield></datafield><datafield ind1=" " ind2=" " tag="260"><subfield code="a">Davenport, Cass County, N.D. :</subfield><subfield code="b">[Adolph Friese]</subfield></datafield><datafield ind1=" " ind2=" " tag="300"><subfield code="a">5 v. :</subfield><subfield code="b">ill. ;</subfield><subfield code="c">54 cm.</subfield></datafield><datafield ind1=" " ind2=" " tag="310"><subfield code="a">Weekly</subfield></datafield><datafield ind1="1" ind2=" " tag="362"><subfield code="a">Began in 1922.</subfield></datafield><datafield ind1="0" ind2=" " tag="362"><subfield code="a">-v. 5, no. 32 (Dec. 29, 1927).</subfield></datafield><datafield ind1=" " ind2=" " tag="515"><subfield code="a">Numbering is irregular.</subfield></datafield><datafield ind1=" " ind2=" " tag="530"><subfield code="a">Available on microfilm from the State Historical Society of North Dakota.</subfield></datafield><datafield ind1=" " ind2=" " tag="588"><subfield code="a">Description based on: Vol. 3, no. 9 (Aug. 6, 1925).</subfield></datafield><datafield ind1=" " ind2=" " tag="752"><subfield code="a">United States</subfield><subfield code="b">North Dakota</subfield><subfield code="c">Cass</subfield><subfield code="d">Davenport.</subfield></datafield><datafield ind1="1" ind2=" " tag="029"><subfield code="a">AU@</subfield><subfield code="b">000025875129</subfield></datafield></record>